@article{Geim2001,
  title={Efficient visual homing based on Fourier transformed panoramic images},
  author={St{\"u}rzl, Wolfgang and Mallot, Hanspeter A},
  journal={Robotics and Autonomous Systems},
  volume={54},
  number={4},
  pages={300--313},
  year={2006},
  publisher={Elsevier}
}